<?xml version="1.0" encoding="UTF-8"?><collection xmlns="http://www.loc.gov/MARC21/slim"><record><leader>00435nam--2200169-i-4500</leader><controlfield tag="001">000014477</controlfield><controlfield tag="002">20161230</controlfield><controlfield tag="005">20170106001751</controlfield><controlfield tag="008">060222s1000------------r-----000-0-eng-d</controlfield><datafield ind1=" " ind2=" " tag="040"><subfield code="a">IFIN-HH</subfield></datafield><datafield ind1=" " ind2=" " tag="080"><subfield code="a">535.375.5</subfield></datafield><datafield ind1="1" ind2=" " tag="100"><subfield code="a">Avram, Nicolae M</subfield></datafield><datafield ind1="1" ind2="0" tag="245"><subfield code="a">Introducere in spectroscopia raman</subfield><subfield code="c">Nicolae Avram</subfield></datafield><datafield ind1=" " ind2=" " tag="260"><subfield code="a">Timisoara</subfield><subfield code="b">Editura Facla</subfield><subfield code="c">1982</subfield></datafield><datafield ind1=" " ind2=" " tag="300"><subfield code="a">247 p</subfield></datafield><datafield ind1=" " ind2=" " tag="852"><subfield code="a">71223</subfield><subfield code="c">535.33</subfield></datafield><datafield ind1=" " ind2=" " tag="CAT"><subfield code="a">SYS</subfield><subfield code="c">20170106</subfield><subfield code="h">001751</subfield></datafield></record></collection>